@book{crchandbook,
  title={CRC Handbook of Chemistry and Physics, 93rd Edition},
  author={Haynes, W.M.},
  isbn={9781439880494},
  series={CRC Handbook of Chemistry and Physics},
  url={https://books.google.at/books?id=-BzP7Rkl7WkC},
  year={2012},
  publisher={Taylor \& Francis}
}

@book{sspintro,
	title={Solid-State Physics: Introduction to the Theory},
	author={Patterson, J. and Bailey, B.},
	isbn={9783540349334},
	series={SpringerLink: Springer e-Books},
	url={https://books.google.at/books?id=uRQg87Mb6DoC},
	year={2007},
	publisher={Springer Berlin Heidelberg}
}

@book{condensedmatter,
	title={Springer Handbook of Condensed Matter and Materials Data},
	author={Martienssen, W. and Warlimont, H.},
	isbn={9783540304371},
	lccn={2004116537},
	series={Springer Handbook of Condensed Matter and Materials Data},
	url={https://books.google.at/books?id=TnHJX79b3RwC},
	year={2006},
	publisher={Springer Berlin Heidelberg}
}

@book{sze2006,
	title={Physics of Semiconductor Devices},
	author={Sze, S.M. and Ng, K.K.},
	isbn={9780470068304},
	lccn={2007280778},
	url={https://books.google.at/books?id=o4unkmHBHb8C},
	year={2006},
	publisher={Wiley}
}

@book{sze2012,
	title={Semiconductor Devices: Physics and Technology, 3rd Edition: Physics and Technology},
	author={Sze, S.M. and Lee, M.K.},
	isbn={9781118139837},
	url={https://books.google.at/books?id=WdcbAAAAQBAJ},
	year={2012},
	publisher={John Wiley \& Sons}
}

@article {Shockley1949,
	author = {Shockley, W.},
	title = {The Theory of p-n Junctions in Semiconductors and p-n Junction Transistors},
	journal = {Bell System Technical Journal},
	volume = {28},
	number = {3},
	publisher = {Blackwell Publishing Ltd},
	issn = {1538-7305},
	url = {http://dx.doi.org/10.1002/j.1538-7305.1949.tb03645.x},
	doi = {10.1002/j.1538-7305.1949.tb03645.x},
	pages = {435--489},
	year = {1949},
}

@book{elliott1974,
	title={An Introduction to Solid State Physics and Its Applications},
	author={Elliott, R.J. and Gibson, A.F.},
	isbn={9780333110232},
	lccn={74161123},
	series={Nature-Macmillan Physics Series},
	url={https://books.google.at/books?id=DugNAQAAIAAJ},
	year={1974},
	publisher={Macmillan}
}

@article{1DGeNW,
	year={2006},
	issn={1040-7278},
	journal={Journal of Cluster Science},
	volume={17},
	number={4},
	doi={10.1007/s10876-006-0081-x},
	title={One-dimensional Germanium Nanowires for Future Electronics},
	url={http://dx.doi.org/10.1007/s10876-006-0081-x},
	publisher={Kluwer Academic Publishers-Plenum Publishers},
	keywords={Nanowire; germanium; nanoelectronics; nanotechnology},
	author={Yu, B. and Sun, X.H. and Calebotta, G.A. and Dholakia, G.R. and Meyyappan, M.},
	pages={579-597},
	language={English}
}

@book{kittel1996,
	title={Introduction to Solid State Physics},
	author={Kittel, C.},
	isbn={9780471111818},
	lccn={95018445},
	url={https://books.google.at/books?id=1X8pAQAAMAAJ},
	year={1996},
	publisher={Wiley}
}

@article{Brunco2007,
	author = {Brunco, David P. and De Jaeger, Brice and Eneman, Geert and Satta, Alessandra and Terzieva, Valentina and Souriau, Laurent and Leys, Frederik E. and Pourtois, Geoffrey and Houssa, Michel and Opsomer, Karl and Nicholas, Gareth and Meuris, Marc and Heyns, Marc}, 
	title = {Germanium: The Past and Possibly a Future Material for Microelectronics},
	volume = {11}, 
	number = {4}, 
	pages = {479-493}, 
	year = {2007}, 
	doi = {10.1149/1.2779584},  
	URL = {http://ecst.ecsdl.org/content/11/4/479.abstract}, 
	eprint = {http://ecst.ecsdl.org/content/11/4/479.full.pdf+html}, 
	journal = {ECS Transactions} 
}

@ARTICLE{Bardeen1998,
	author={Bardeen, J. and Brattain, W.H.},
	journal={Proceedings of the IEEE},
	title={The Transistor, A Semiconductor Triode},
	year={1998},
	volume={86},
	number={1},
	pages={29-30},
	keywords={Conductivity;Electrodes;Electron tubes;Germanium;Impedance;Laboratories;Oscillators;Rectifiers;Surface resistance;Surface treatment},
	doi={10.1109/JPROC.1998.658753},
	ISSN={0018-9219},
	month={Jan},
}

@article{Gu2001,
	author = "Gu, G. and Burghard, M. and Kim, G. S. and Chiu, P. W. and Krstic, V. and Roth, S. and Han, W. Q.",
	title = "Growth and electrical transport of germanium nanowires",
	journal = "Journal of Applied Physics",
	year = "2001",
	volume = "90",
	number = "11", 
	pages = "5747-5751",
	url = "http://scitation.aip.org/content/aip/journal/jap/90/11/10.1063/1.1413495",
	doi = "http://dx.doi.org/10.1063/1.1413495" 
}

@article{Yiying2000,
	author = {Yiying Wu and Peidong Yang},
	title = {Germanium Nanowire Growth via Simple Vapor Transport},
	journal = {Chemistry of Materials},
	volume = {12},
	number = {3},
	pages = {605-607},
	year = {2000},
	doi = {10.1021/cm9907514},
	URL = {http://dx.doi.org/10.1021/cm9907514},
	eprint = {http://dx.doi.org/10.1021/cm9907514}	
}

@article{Morales1998,
	author = {Morales, Alfredo M. and Lieber, Charles M.}, 
	title = {A Laser Ablation Method for the Synthesis of Crystalline Semiconductor Nanowires},
	volume = {279}, 
	number = {5348}, 
	pages = {208-211}, 
	year = {1998}, 
	doi = {10.1126/science.279.5348.208}, 
	URL = {http://www.sciencemag.org/content/279/5348/208.abstract}, 
	eprint = {http://www.sciencemag.org/content/279/5348/208.full.pdf}, 
	journal = {Science} 
}

@article{Wagner1964,
	author = "Wagner, R. S. and Ellis, W. C.",
	title = "Vapor-Liquid-Solid Mechanism of Single Crystal Growth",
	journal = "Applied Physics Letters",
	year = "1964",
	volume = "4",
	number = "5", 
	pages = "89-90",
	url = "http://scitation.aip.org/content/aip/journal/apl/4/5/10.1063/1.1753975",
	doi = "http://dx.doi.org/10.1063/1.1753975" 
}

@article{Martin1994,
	title = "Template synthesis of electronically conductive polymers-preparation of thin films",
	journal = "Electrochimica Acta",
	volume = "39",
	number = "8-9",
	pages = "1309-1313",
	year = "1994",
	issn = "0013-4686",
	doi = "http://dx.doi.org/10.1016/0013-4686(94)E0052-2",
	url = "http://www.sciencedirect.com/science/article/pii/0013468694E00522",
	author = "C.R. Martin and R. Parthasarathy and V. Menon"
}

@article{Schmidt2007,
	author = {Schmidt, Volker and G\"osele, Ulrich}, 
	title = {How Nanowires Grow},
	volume = {316}, 
	number = {5825}, 
	pages = {698-699}, 
	year = {2007}, 
	doi = {10.1126/science.1142951}, 
	URL = {http://www.sciencemag.org/content/316/5825/698.short}, 
	eprint = {http://www.sciencemag.org/content/316/5825/698.full.pdf}, 
	journal = {Science} 
}

@Article{Oregan2014,
	author ="O{'}Regan, Colm and Biswas, Subhajit and Petkov, Nikolay and Holmes, Justin D.",
	title  ="Recent advances in the growth of germanium nanowires: synthesis{,} growth dynamics and morphology control",
	journal  ="J. Mater. Chem. C",
	year  ="2014",
	volume  ="2",
	issue  ="1",
	pages  ="14-33",
	publisher  ="The Royal Society of Chemistry",
	doi  ="10.1039/C3TC31736F",
	url  ="http://dx.doi.org/10.1039/C3TC31736F"
}

@article{Picraux2010,
	year={2010},
	issn={1047-4838},
	journal={JOM},
	volume={62},
	number={4},
	doi={10.1007/s11837-010-0057-z},
	title={Silicon and germanium nanowires: Growth, properties, and integration},
	url={http://dx.doi.org/10.1007/s11837-010-0057-z},
	publisher={Springer US},
	author={Picraux, S.Tom and Dayeh, ShadiA. and Manandhar, Pradeep and Perea, DanielE. and Choi, SukgeunG.},
	pages={35-43},
	language={English}
}

@article{Greil2014,
	author = "Greil, J. and Birner, S. and Bertagnolli, E. and Lugstein, A.",
	title = "Nanowires enabling strained photovoltaics",
	journal = "Applied Physics Letters",
	year = "2014",
	volume = "104",
	number = "16", 
	eid = 163901,
	url = "http://scitation.aip.org/content/aip/journal/apl/104/16/10.1063/1.4871458",
	doi = "http://dx.doi.org/10.1063/1.4871458" 
}

@Article{Chau2007,
	author={Chau, Robert and Doyle, Brian and Datta, Suman and Kavalieros, Jack and Zhang, Kevin},
	title={Integrated nanoelectronics for the future},
	journal={Nat Mater},
	year={2007},
	month={Nov},
	publisher={Nature Publishing Group},
	volume={6},
	number={11},
	pages={810-812},
	issn={1476-1122},
	doi={10.1038/nmat2014},
	url={http://dx.doi.org/10.1038/nmat2014}
}

@Article{Cho2013,
	author={Cho, Chang-Hee and Aspetti, Carlos O. and Park, Joohee and Agarwal, Ritesh},
	title={Silicon coupled with plasmon nanocavities generates bright visible hot luminescence},
	journal={Nat Photon},
	year={2013},
	month={Apr},
	publisher={Nature Publishing Group},
	volume={7},
	number={4},
	pages={285-289},
	issn={1749-4885},
	doi={10.1038/nphoton.2013.25},
	url={http://dx.doi.org/10.1038/nphoton.2013.25}
}

@incollection{Garnett2011,
	Author = {Garnett, Erik C. and Brongersma, Mark L. and Cui, Yi and McGehee,
	Michael D.},
	Editor = {{Clarke, DR and Fratzl, P}},
	Title = {{Nanowire Solar Cells}},
	Booktitle = {{ANNUAL REVIEW OF MATERIALS RESEARCH, VOL 41}},
	Series = {{Annual Review of Materials Research}},
	Year = {{2011}},
	Volume = {{41}},
	Pages = {{269-295}},
	DOI = {{10.1146/annurev-matsci-062910-100434}},
	ISSN = {{1531-7331}},
	ISBN = {{978-0-8243-1741-6}},
	ResearcherID-Numbers = {{Garnett, Erik/A-6847-2009
	Cui, Yi/L-5804-2013}},
	ORCID-Numbers = {{Garnett, Erik/0000-0002-9158-8326
	Cui, Yi/0000-0002-6103-6352}},
	Unique-ID = {{ISI:000294028600011}},
}

@Article{Cao2013,
	AUTHOR = {Cao, Anping and Sudh\"olter, Ernst J.R. and de Smet, Louis C.P.M.},
	TITLE = {Silicon Nanowire-Based Devices for Gas-Phase Sensing},
	JOURNAL = {Sensors},
	VOLUME = {14},
	YEAR = {2013},
	NUMBER = {1},
	PAGES = {245},
	URL = {http://www.mdpi.com/1424-8220/14/1/245},
	PubMedID = {24368699},
	ISSN = {1424-8220},
	DOI = {10.3390/s140100245}
}

@ARTICLE{Yang2008,
	author={Yang, B. and Buddharaju, K.D. and Teo, S.H.G. and Singh, N. and Lo, G.Q. and Kwong, D.L.},
	journal={Electron Device Letters, IEEE},
	title={Vertical Silicon-Nanowire Formation and Gate-All-Around MOSFET},
	year={2008},
	volume={29},
	number={7},
	pages={791-794},
	doi={10.1109/LED.2008.2000617},
	ISSN={0741-3106},
	month={July}
}

@article{Kodambaka2007,
	author = {Kodambaka, S. and Tersoff, J. and Reuter, M. C. and Ross, F. M.}, 
	title = {Germanium Nanowire Growth Below the Eutectic Temperature},
	volume = {316}, 
	number = {5825}, 
	pages = {729-732}, 
	year = {2007}, 
	doi = {10.1126/science.1139105},  
	URL = {http://www.sciencemag.org/content/316/5825/729.abstract}, 
	eprint = {http://www.sciencemag.org/content/316/5825/729.full.pdf}, 
	journal = {Science} 
}

@article {Candace2007,
	title = {High-performance lithium battery anodes using silicon nanowires},
	journal = {Nature nanotechnology},
	volume = {3},
	year = {2007},
	month = {12},
	pages = {31-35},
	keywords = {liu group},
	doi = {10.1038/nnano.2007.411},
	author = {Candace K. Chan and Hailin Peng and Gao Liu and Kevin McIlwrath and Xiaofeng Zhang and Robert A. Huggins and Yi Cui}
}

@book{sattler2010,
	title={Handbook of Nanophysics: Nanotubes and Nanowires},
	author={Sattler, K.D.},
	isbn={9781420075434},
	lccn={2009038058},
	series={Handbook of Nanophysics},
	url={https://books.google.at/books?id=LfH9rvep2AIC},
	year={2010},
	publisher={CRC Press}
}

@proceeding{Kodambaka2009,
	author = {Kodambaka, S. and Tersoff, J. and Reuter, M. C. and Ross, F. M.},
	title = {Growth kinetics of Si and Ge nanowires},
	journal = {Proc. SPIE},
	volume = {7224},
	pages = {72240C-72240C-11},
	year = {2009},
	doi = {10.1117/12.810672},
	URL = { http://dx.doi.org/10.1117/12.810672}
}

@Article{Yan2009,
	author={Yan, Ruoxue and Gargas, Daniel and Yang, Peidong},
	title={Nanowire photonics},
	journal={Nat Photon},
	year={2009},
	month={Oct},
	publisher={Nature Publishing Group},
	volume={3},
	number={10},
	pages={569-576},
	issn={1749-4885},
	doi={10.1038/nphoton.2009.184},
	url={http://dx.doi.org/10.1038/nphoton.2009.184}
}

@article{Yu2006,
	year={2006},
	issn={1040-7278},
	journal={Journal of Cluster Science},
	volume={17},
	number={4},
	doi={10.1007/s10876-006-0081-x},
	title={One-dimensional Germanium Nanowires for Future Electronics},
	url={http://dx.doi.org/10.1007/s10876-006-0081-x},
	publisher={Kluwer Academic Publishers-Plenum Publishers},
	keywords={Nanowire; germanium; nanoelectronics; nanotechnology},
	author={Yu, B. and Sun, X.H. and Calebotta, G.A. and Dholakia, G.R. and Meyyappan, M.},
	pages={579-597},
	language={English}
}

@article{Adhikari2007,
	author = {Hemant Adhikari and Ann F. Marshall and Irene A. Goldthorpe and Christopher E. D. Chidsey and Paul C. McIntyre},
	title = {Metastability of Au-Ge Liquid Nanocatalysts: Ge Vapor-Liquid-Solid Nanowire Growth Far below the Bulk Eutectic Temperature},
	journal = {ACS Nano},
	volume = {1},
	number = {5},
	pages = {415-422},
	year = {2007},
	doi = {10.1021/nn7001486},
	URL = {http://dx.doi.org/10.1021/nn7001486},
	eprint = {http://dx.doi.org/10.1021/nn7001486}
}

@article {Schmidt2009,
	author = {Schmidt, Volker and Wittemann, Joerg V. and Senz, Stephan and G\"osele, Ulrich},
	title = {Silicon Nanowires: A Review on Aspects of their Growth and their Electrical Properties},
	journal = {Advanced Materials},
	volume = {21},
	number = {25-26},
	publisher = {WILEY-VCH Verlag},
	issn = {1521-4095},
	url = {http://dx.doi.org/10.1002/adma.200803754},
	doi = {10.1002/adma.200803754},
	pages = {2681-2702},
	keywords = {electrical properties, growth, nanowires, silicon},
	year = {2009},
}

@article{Madras2009,
	author = {Prashanth Madras and Eric Dailey and Jeff Drucker},
	title = {Kinetically Induced Kinking of Vapor-Liquid-Solid Grown Epitaxial Si Nanowires},
	journal = {Nano Letters},
	volume = {9},
	number = {11},
	pages = {3826-3830},
	year = {2009},
	doi = {10.1021/nl902013g},
	note ={PMID: 19860454},
	URL = {http://dx.doi.org/10.1021/nl902013g},
	eprint = {http://dx.doi.org/10.1021/nl902013g}
}

@INPROCEEDINGS{Bangsaruntip2013,
	author={Bangsaruntip, S. and Balakrishnan, K. and Cheng, S.-L. and Chang, J. and Brink, M. and Lauer, I. and Bruce, R.L. and Engelmann, S.U. and Pyzyna, A. and Cohen, G.M. and Gignac, L.M. and Breslin, C.M. and Newbury, J.S. and Klaus, D.P. and Majumdar, A. and Sleight, J.W. and Guillorn, M.A.},
	booktitle={Electron Devices Meeting (IEDM), 2013 IEEE International},
	title={Density scaling with gate-all-around silicon nanowire MOSFETs for the 10 nm node and beyond},
	year={2013},
	pages={20.2.1-20.2.4},
	doi={10.1109/IEDM.2013.6724667},
	month={Dec},
}

@article{Greil2012,
	author = {J. Greil and A. Lugstein and C. Zeiner and G. Strasser and E. Bertagnolli},
	title = {Tuning the Electro-optical Properties of Germanium Nanowires by Tensile Strain},
	journal = {Nano Letters},
	volume = {12},
	number = {12},
	pages = {6230-6234},
	year = {2012},
	doi = {10.1021/nl303288g},
	note ={PMID: 23146072},
	URL = {http://dx.doi.org/10.1021/nl303288g},
	eprint = {http://dx.doi.org/10.1021/nl303288g}
}

@article{Zhao2011,
	author = {Yanjie Zhao and Joshua T. Smith and Joerg Appenzeller and Chen Yang},
	title = {Transport Modulation in Ge/Si Core/Shell Nanowires through Controlled Synthesis of Doped Si Shells},
	journal = {Nano Letters},
	volume = {11},
	number = {4},
	pages = {1406-1411},
	year = {2011},
	doi = {10.1021/nl1031138},
	note ={PMID: 21417251},
	URL = {http://dx.doi.org/10.1021/nl1031138},
	eprint = {http://dx.doi.org/10.1021/nl1031138}
}

@article{Amato2011,
	author = {Michele Amato and Stefano Ossicini and Riccardo Rurali},
	title = {Band-Offset Driven Efficiency of the Doping of SiGe Core-Shell Nanowires},
	journal = {Nano Letters},
	volume = {11},
	number = {2},
	pages = {594-598},
	year = {2011},
	doi = {10.1021/nl103621s},
	note ={PMID: 21188962},
	URL = {http://dx.doi.org/10.1021/nl103621s},
	eprint = {http://dx.doi.org/10.1021/nl103621s}
}

@manual{ZeissNEON,
	organization  = "Carl Zeiss NTS GmbH",
	title         = "Instruction Manual NEON 40EsB",
	number        = "BA_G34_NEON40EsB_en01",
	year          =  2007,
	month         =  6,    
	note          = "Rev. en01"
}

@manual{UTP1100,
	organization  = "UniTemp GmbH",
	title         = "Datasheet UniTemp UTP 1100", 
	note          = "UT-UTP-1100-LU"
}

@book{Mehrer2007,
	title={Diffusion in Solids: Fundamentals, Methods, Materials, Diffusion-Controlled Processes},
	author={Mehrer, H.},
	isbn={9783540714880},
	lccn={2007923017},
	series={Springer Series in Solid-State Sciences},
	url={https://books.google.at/books?id=IUZVffQLFKQC},
	year={2007},
	publisher={Springer}
}

@book{Bracht1998,
	title={Diffusion in Semiconductors},
	author={H. Bracht and N. A. Stolwijk},
	isbn={978-3-540-60964-3},
	series={Landolt-B\"ornstein - Group III Condensed Matter},
	year={1998},
	doi = {10.1007/b53031},
	publisher={Springer Berlin Heidelberg}
}

@article{Kral2015,
	author = {S. Kral and C. Zeiner and M. St\"oger-Pollach and E. Bertagnolli and M. I. den Hertog and M. Lopez-Haro and E. Robin and K. El Hajraoui and A. Lugstein},
	title = {Abrupt Schottky Junctions in Al/Ge Nanowire Heterostructures},
	journal = {Nano Letters},
	volume = {15},
	number = {7},
	pages = {4783-4787},
	year = {2015},
	doi = {10.1021/acs.nanolett.5b01748},
	note ={PMID: 26052733},
	URL = {http://dx.doi.org/10.1021/acs.nanolett.5b01748},
	eprint = {http://dx.doi.org/10.1021/acs.nanolett.5b01748}	
}

@book{Huebener2014,
	title={Conductors, Semiconductors, Superconductors: An Introduction to Solid State Physics},
	author={Huebener, R.P.},
	isbn={9783319091419},
	series={Undergraduate Lecture Notes in Physics},
	url={https://books.google.at/books?id=HqqgBAAAQBAJ},
	year={2014},
	publisher={Springer International Publishing}
}

@article{Chuang2013,
	author = {Steven Chuang and Qun Gao and Rehan Kapadia and Alexandra C. Ford and Jing Guo and Ali Javey},
	title = {Ballistic InAs Nanowire Transistors},
	journal = {Nano Letters},
	volume = {13},
	number = {2},
	pages = {555-558},
	year = {2013},
	doi = {10.1021/nl3040674},
	note ={PMID: 23256503},
	URL = {http://dx.doi.org/10.1021/nl3040674},
	eprint = {http://dx.doi.org/10.1021/nl3040674}
}

@article{Brunbauer2015,
	author = {Florian M. Brunbauer and Emmerich Bertagnolli and Alois Lugstein},
	title = {Gate-Tunable Electron Transport Phenomena in Al-Ge-Al Nanowire Heterostructures},
	journal = {Nano Letters},
	volume = {15},
	number = {11},
	pages = {7514-7518},
	year = {2015},
	doi = {10.1021/acs.nanolett.5b03169},
	note ={PMID: 26426433},
	URL = {http://dx.doi.org/10.1021/acs.nanolett.5b03169},
	eprint = {http://dx.doi.org/10.1021/acs.nanolett.5b03169}	
}

@proceeding{Gnauck2002,
	author = {Gnauck, Peter and Hoffrogge, Peter and Greiser, Jens},
	title = {New crossbeam inspection tool combining an ultrahigh-resolution field emission SEM and a high-resolution FIB},
	journal = {Proc. SPIE},
	volume = {4689},
	pages = {833-840},
	year = {2002},
	doi = {10.1117/12.473530},
	URL = { http://dx.doi.org/10.1117/12.473530}
}

@article {Nixon1971,
	author = {Nixon, W. C.},
	title = {The General Principles of Scanning Electron Microscopy},
	volume = {261},
	number = {837},
	pages = {45-50},
	year = {1971},
	doi = {10.1098/rstb.1971.0035},
	publisher = {The Royal Society},
	issn = {0080-4622},
	journal = {Philosophical Transactions of the Royal Society of London B: Biological Sciences}
}

@article{Broers1996,
	title = "Electron beam lithography-Resolution limits",
	journal = "Microelectronic Engineering",
	volume = "32",
	number = "1-4",
	pages = "131-142",
	year = "1996",
	note = "Nanotechnology ",
	issn = "0167-9317",
	doi = "http://dx.doi.org/10.1016/0167-9317(95)00368-1",
	url = "http://www.sciencedirect.com/science/article/pii/0167931795003681",
	author = "A.N. Broers and A.C.F. Hoole and J.M. Ryan"
}

@article{Vitor2013,
	author = {Vitor R. Manfrinato and Lihua Zhang and Dong Su and Huigao Duan and Richard G. Hobbs and Eric A. Stach and Karl K. Berggren},
	title = {Resolution Limits of Electron-Beam Lithography toward the Atomic Scale},
	journal = {Nano Letters},
	volume = {13},
	number = {4},
	pages = {1555-1558},
	year = {2013},
	doi = {10.1021/nl304715p},
	note ={PMID: 23488936},
	URL = {http://dx.doi.org/10.1021/nl304715p},
	eprint = {http://dx.doi.org/10.1021/nl304715p}
}

@article{Bryan2009,
	author = "Cord, Bryan and Yang, Joel and Duan, Huigao and Joy, David C. and Klingfus, Joseph and Berggren, Karl K.",
	title = "Limiting factors in sub-10nm scanning-electron-beam lithography",
	journal = "Journal of Vacuum Science and Technology B",
	year = "2009",
	volume = "27",
	number = "6",
	pages = "2616-2621",
	url = "http://scitation.aip.org/content/avs/journal/jvstb/27/6/10.1116/1.3253603",
	doi = "http://dx.doi.org/10.1116/1.3253603" 
}

@article{Huigao2010,
	author = "Duan, Huigao and Manfrinato, Vitor R. and Yang, Joel K. W. and Winston, Donald and Cord, Bryan M. and Berggren, Karl K.",
	title = "Metrology for electron-beam lithography and resist contrast at the sub-10 nm scale",
	journal = "Journal of Vacuum Science and Technology B",
	year = "2010",
	volume = "28",
	number = "6", 
	pages = "C6H11-C6H17",
	url = "http://scitation.aip.org/content/avs/journal/jvstb/28/6/10.1116/1.3501359",
	doi = "http://dx.doi.org/10.1116/1.3501359" 
}

@manual{reversalresist,
	organization  = "MicroChemicals GmbH",
	title         = "Processing image reversal resists ...symptoms, diagnosis and trouble-shooting",
	url 		  = "http://www.microchemicals.com/technical_information/image_reversal_resists.pdf", 
	note          = "revised 2003-09-25"
}

@INPROCEEDINGS{Harriott2001,
	author = {Lloyd R. Harriott},
	title = {Limits of lithography},
	booktitle = {Proceedings of the IEEE},
	year = {2001},
	pages = {366-374}
}

@book{nalwa2001,
	title={Handbook of Thin Film Materials: Deposition and Processing of Thin Films},
	author={Nalwa, H.S.},
	isbn={9780125129084},
	lccn={2001090614},
	url={https://books.google.at/books?id=6P5QAUno-PgC},
	year={2001},
	publisher={Elsevier Science \& Technology Books}
}

@ARTICLE{Moore1965,
	author={Moore, Gordon E.},
	journal={Solid-State Circuits Society Newsletter, IEEE},
	title={Cramming more components onto integrated circuits, Reprinted from Electronics, volume 38, number 8, April 19, 1965, pp.114 ff.},
	year={2006},
	volume={11},
	number={5},
	pages={33-35},
	keywords={Computers;Data mining;Films;Heating;Integrated circuits;Microwave amplifiers;Silicon},
	doi={10.1109/N-SSC.2006.4785860},
	ISSN={1098-4232},
	month={Sept}
}

@article{Thompson2006,
	title = "Moore's law: the future of Si microelectronics",
	journal = "Materials Today",
	volume = "9",
	number = "6",
	pages = "20-25",
	year = "2006",
	issn = "1369-7021",
	doi = "http://dx.doi.org/10.1016/S1369-7021(06)71539-5",
	url = "http://www.sciencedirect.com/science/article/pii/S1369702106715395",
	author = "Scott E. Thompson and Srivatsan Parthasarathy"
}

@article{Maeda1991,
	author = "Maeda, Yoshihito and Tsukamoto, Nobuo and Yazawa, Yoshiaki and Kanemitsu, Yoshihiko and Masumoto, Yasuaki",
	title = "Visible photoluminescence of Ge microcrystals embedded in SiO2 glassy matrices",
	journal = "Applied Physics Letters",
	year = "1991",
	volume = "59",
	number = "24", 
	pages = "3168-3170",
	url = "http://scitation.aip.org/content/aip/journal/apl/59/24/10.1063/1.105773",
	doi = "http://dx.doi.org/10.1063/1.105773" 
}

@article{Lu2005,
	author = {Lu, Wei and Xiang, Jie and Timko, Brian P. and Wu, Yue and Lieber, Charles M.}, 
	title = {One-dimensional hole gas in germanium/silicon nanowire heterostructures},
	volume = {102}, 
	number = {29}, 
	pages = {10046-10051}, 
	year = {2005}, 
	doi = {10.1073/pnas.0504581102}, 
	URL = {http://www.pnas.org/content/102/29/10046.abstract}, 
	eprint = {http://www.pnas.org/content/102/29/10046.full.pdf}, 
	journal = {Proceedings of the National Academy of Sciences of the United States of America} 
}

@article{Burchhart2010,
	year={2010},
	issn={0932-383X},
	journal={e \& i Elektrotechnik und Informationstechnik},
	volume={127},
	number={6},
	doi={10.1007/s00502-010-0739-9},
	title={Nanowire-metal heterostructures for high performance MOSFETs},
	url={http://dx.doi.org/10.1007/s00502-010-0739-9},
	publisher={Springer-Verlag},
	author={Burchhart, T. and Lugstein, A. and Zeiner, C. and Hyun, Y. J. and Hochleitner, G. and Bertagnolli, E.},
	pages={171-175},
	language={English}
}

@article{Tang2011,
	year={2011},
	journal={Advances in Materials Science and Engineering},
	volume={2011},
	number = {316513}, 
	doi={10.1155/2011/316513},
	title={Formation and Device Application of Ge Nanowire Heterostructures via Rapid Thermal Annealing},
	url={http://dx.doi.org/10.1007/s00502-010-0739-9},
	author={Jianshi Tang and Chiu-Yen Wang and Faxian Xiu and Yi Zhou and Lih-Juann Chen and Kang L. Wang},
	pages={16}
}

@Article{Wu2004,
	author={Wu, Yue and Xiang, Jie and Yang, Chen and Lu, Wei and Lieber, Charles M.},
	title={Single-crystal metallic nanowires and metal/semiconductor nanowire heterostructures},
	journal={Nature},
	year={2004},
	month={Jul},
	day={01},
	volume={430},
	number={6995},
	pages={61-65},
	issn={0028-0836},
	doi={10.1038/nature02674},
	url={http://dx.doi.org/10.1038/nature02674}
}

@article{Chou2008,
	author = {Yi-Chia Chou and Wen-Wei Wu and Shao-Liang Cheng and Bong-Young Yoo and Nosang Myung and Lih J. Chen and K. N. Tu},
	title = {In-situ TEM Observation of Repeating Events of Nucleation in Epitaxial Growth of Nano CoSi2 in Nanowires of Si},
	journal = {Nano Letters},
	volume = {8},
	number = {8},
	pages = {2194-2199},
	year = {2008},
	doi = {10.1021/nl080624j},
	note ={PMID: 18616326},
	URL = {http://dx.doi.org/10.1021/nl080624j},
	eprint = {http://dx.doi.org/10.1021/nl080624j}
}

@article{Lin2008,
	author = {Yung-Chen Lin and Kuo-Chang Lu and Wen-Wei Wu and Jingwei Bai and Lih J. Chen and K. N. Tu and Yu Huang},
	title = {Single Crystalline PtSi Nanowires, PtSi/Si/PtSi Nanowire Heterostructures, and Nanodevices},
	journal = {Nano Letters},
	volume = {8},
	number = {3},
	pages = {913-918},
	year = {2008},
	doi = {10.1021/nl073279r},
	note ={PMID: 18266331},
	URL = {http://dx.doi.org/10.1021/nl073279r},
	eprint = {http://dx.doi.org/10.1021/nl073279r}
}

@article{Lin2010,
	author = {Yung-Chen Lin and Yu Chen and Alexandros Shailos and Yu Huang},
	title = {Detection of Spin Polarized Carrier in Silicon Nanowire with Single Crystal MnSi as Magnetic Contacts},
	journal = {Nano Letters},
	volume = {10},
	number = {6},
	pages = {2281-2287},
	year = {2010},
	doi = {10.1021/nl101477q},
	note ={PMID: 20499889},
	URL = {http://dx.doi.org/10.1021/nl101477q},
	eprint = {http://dx.doi.org/10.1021/nl101477q}
}

@ARTICLE{Zhou2008,
	author = {{Zhou}, Y. and {Ogawa}, M. and {Han}, X. and {Wang}, K.~L.},
	title = "{Alleviation of Fermi-level pinning effect on metal/germanium interface by insertion of an ultrathin aluminum oxide}",
	journal = {Applied Physics Letters},
	year = 2008,
	month = nov,
	volume = 93,
	number = 20,
	eid = {202105},
	pages = {202105},
	doi = {10.1063/1.3028343},
	adsurl = {http://adsabs.harvard.edu/abs/2008ApPhL..93t2105Z},
	adsnote = {Provided by the SAO/NASA Astrophysics Data System}
}

@booklet{Bjork2007,
	author = {M. Bjork and O. Hayden and J. Knoch and H. Riel and H. Schmid and W. Riess},
	title = {Impact ionization FETs based on silicon nanowires},
	howpublished= {65th Annual Device Research Conference},
	year = {2007}
}

@Article{Chau2007,
	author={Chau, Robert and Doyle, Brian and Datta, Suman and Kavalieros, Jack and Zhang, Kevin},
	title={Integrated nanoelectronics for the future},
	journal={Nat Mater},
	year={2007},
	month={Nov},
	publisher={Nature Publishing Group},
	volume={6},
	number={11},
	pages={810-812},
	issn={1476-1122},
	doi={10.1038/nmat2014},
	url={http://dx.doi.org/10.1038/nmat2014}
}

@article{Park2008,
	author = {Won Il Park and Gengfeng Zheng and Xiaocheng Jiang and Bozhi Tian and Charles M. Lieber},
	title = {Controlled Synthesis of Millimeter-Long Silicon Nanowires with Uniform Electronic Properties},
	journal = {Nano Letters},
	volume = {8},
	number = {9},
	pages = {3004-3009},
	year = {2008},
	doi = {10.1021/nl802063q},
	note ={PMID: 18710294},
	URL = {http://dx.doi.org/10.1021/nl802063q},
	eprint = {http://dx.doi.org/10.1021/nl802063q}
}

@article{Weperen2013,
	author = {Ilse van Weperen and Sebastien R. Plissard and Erik P. A. M. Bakkers and Sergey M. Frolov and Leo P. Kouwenhoven},
	title = {Quantized Conductance in an InSb Nanowire},
	journal = {Nano Letters},
	volume = {13},
	number = {2},
	pages = {387-391},
	year = {2013},
	doi = {10.1021/nl3035256},
	note ={PMID: 23259576},
	URL = {http://dx.doi.org/10.1021/nl3035256},
	eprint = {http://dx.doi.org/10.1021/nl3035256}
}

@article{Kirczenow1988,
	title = "Theory of the conductance of ballistic quantum channels ",
	journal = "Solid State Communications ",
	volume = "68",
	number = "8",
	pages = "715 - 718",
	year = "1988",
	issn = "0038-1098",
	doi = "http://dx.doi.org/10.1016/0038-1098(88)90050-6",
	url = "http://www.sciencedirect.com/science/article/pii/0038109888900506",
	author = "George Kirczenow"
}

@ARTICLE{Shtrikman2011,
	author={Shtrikman, H. and Popovitz-Biro, R. and Kretinin, Andrey V. and Kacman, P.},
	journal={Selected Topics in Quantum Electronics, IEEE Journal of},
	title={GaAs and InAs Nanowires for Ballistic Transport},
	year={2011},
	volume={17},
	number={4},
	pages={922-934},
	doi={10.1109/JSTQE.2010.2053920},
	ISSN={1077-260X},
	month={July},
}

@book{Supriyo1995,
	author = "Supriyo Datta",
	title = {Electronic Transport in Mesoscopic Systems}, 
	publisher = {Cambridge University Press}, 
	year = {1995},
	isbn = {9780511805776}, 
	note = {Cambridge Books Online}, 
	url = {http://dx.doi.org/10.1017/CBO9780511805776}
}

@book{gale2003,
	title={Smithells Metals Reference Book},
	author={Gale, W.F. and Totemeier, T.C.},
	isbn={9780080480961},
	url={https://books.google.at/books?id=zweHvqOdcs0C},
	year={2003},
	publisher={Elsevier Science}
}

@book{wasa2012,
	title={Handbook of Sputter Deposition Technology: Fundamentals and Applications for Functional Thin Films, Nano-materials and MEMS},
	author={Wasa, K. and Kanno, I. and Kotera, H.},
	isbn={9781437734836},
	lccn={2013370233},
	url={https://books.google.at/books?id=6TYMTZdyWO4C},
	year={2012},
	publisher={William Andrew}
}

@article{George2010,
	author = {Steven M. George},
	title = {Atomic Layer Deposition: An Overview},
	journal = {Chemical Reviews},
	volume = {110},
	number = {1},
	pages = {111-131},
	year = {2010},
	doi = {10.1021/cr900056b},
	note ={PMID: 19947596},
	URL = {http://dx.doi.org/10.1021/cr900056b},
	eprint = {http://dx.doi.org/10.1021/cr900056b}
}

@article{Wang2004,
	author = {Dunwei Wang, and Ying-Lan Chang, and Qian Wang, and Jien Cao, and Damon B. Farmer, and Roy G. Gordon, and Hongjie Dai},
	title = {Surface Chemistry and Electrical Properties of Germanium Nanowires},
	journal = {Journal of the American Chemical Society},
	volume = {126},
	number = {37},
	pages = {11602-11611},
	year = {2004},
	doi = {10.1021/ja047435x},
	note ={PMID: 15366907},
	URL = {http://dx.doi.org/10.1021/ja047435x},
	eprint = {http://dx.doi.org/10.1021/ja047435x}
}

@article{Winkler2015,
	author = {Karl Winkler and Emmerich Bertagnolli and Alois Lugstein},
	title = {Origin of Anomalous Piezoresistive Effects in VLS Grown Si Nanowires},
	journal = {Nano Letters},
	volume = {15},
	number = {3},
	pages = {1780-1785},
	year = {2015},
	doi = {10.1021/nl5044743},
	note ={PMID: 25651106},
	URL = {http://dx.doi.org/10.1021/nl5044743},
	eprint = {http://dx.doi.org/10.1021/nl5044743}
}

@article{Fujii1999,
	author = "Fujii, Hideo and Kanemaru, Seigo and Matsukawa, Takashi and Itoh, Junji",
	title = "Air-bridge-structured silicon nanowire and anomalous conductivity",
	journal = "Applied Physics Letters",
	year = "1999",
	volume = "75",
	number = "25", 
	pages = "3986-3988",
	url = "http://scitation.aip.org/content/aip/journal/apl/75/25/10.1063/1.125514",
	doi = "http://dx.doi.org/10.1063/1.125514" 
}

@article{Matsukawa2003,
	author = "Matsukawa, Takashi and Kanemaru, Seigo and Masahara, Meishoku and Nagao, Masayoshi and Tanoue, Hisao and Itoh, Junji",
	title = "Silicon nanowire with programmable conductivity analyzed by scanning Maxwell-stress microscopy",
	journal = "Journal of Vacuum Science and Technology B",
	year = "2003",
	volume = "21",
	number = "2", 
	pages = "664-669",
	url = "http://scitation.aip.org/content/avs/journal/jvstb/21/2/10.1116/1.1545737",
	doi = "http://dx.doi.org/10.1116/1.1545737" 
}

@article{Sneh2002,
	title = "Thin film atomic layer deposition equipment for semiconductor processing ",
	journal = "Thin Solid Films ",
	volume = "402",
	number = "1-2",
	pages = "248 - 261",
	year = "2002",
	issn = "0040-6090",
	doi = "http://dx.doi.org/10.1016/S0040-6090(01)01678-9",
	url = "http://www.sciencedirect.com/science/article/pii/S0040609001016789",
	author = "Ofer Sneh and Robert B Clark-Phelps and Ana R Londergan and Jereld Winkler and Thomas E Seidel"
}

@article{Puurunen2005,
	author = "Puurunen, Riikka L.",
	title = "Surface chemistry of atomic layer deposition: A case study for the trimethylaluminum/water process",
	journal = "Journal of Applied Physics",
	year = "2005",
	volume = "97",
	number = "12", 
	eid = 121301,
	url = "http://scitation.aip.org/content/aip/journal/jap/97/12/10.1063/1.1940727",
	doi = "http://dx.doi.org/10.1063/1.1940727" 
}

@article{itrs2009,
	posted-at = {2010-08-16 02:28:54},
	title = {{The International Technology Roadmap for Semiconductors (ITRS), System Drivers, 2009, http://www.itrs.net/}}
}

@article{onsia2005,
	title={A study of the influence of typical wet chemical treatments on the germanium wafer surface},
	author={Onsia, Bart and Conard, Thierry and De Gendt, Stefan and Heyns, Marc and Hoflijk, Ilse and Mertens, P and Meuris, Marc and Raskin, G and Sioncke, Sonja and Teerlinck, I and others},
	journal={Solid State Phenom},
	volume={103},
	number={104},
	pages={27-30},
	year={2005}
}

@article{zwanenburg2013,
	title = {Silicon quantum electronics},
	author = {Zwanenburg, Floris A. and Dzurak, Andrew S. and Morello, Andrea and Simmons, Michelle Y. and Hollenberg, Lloyd C. L. and Klimeck, Gerhard and Rogge, Sven and Coppersmith, Susan N. and Eriksson, Mark A.},
	journal = {Rev. Mod. Phys.},
	volume = {85},
	issue = {3},
	pages = {961-1019},
	numpages = {0},
	year = {2013},
	month = {Jul},
	publisher = {American Physical Society},
	doi = {10.1103/RevModPhys.85.961},
	url = {http://link.aps.org/doi/10.1103/RevModPhys.85.961}
}

@book{cohen1998,
	title={Atom-Photon Interactions: Basic Processes and Applications},
	author={Cohen-Tannoudji, C. and Dupont-Roc, J. and Grynberg, G.},
	isbn={9780471293361},
	lccn={91040587},
	series={A Wiley-Interscience publication},
	url={https://books.google.at/books?id=Tcp-ngEACAAJ},
	year={1998},
	publisher={Wiley}
}

@article{Tilke2001,
	title = "Coulomb blockade in silicon nanostructures ",
	journal = "Progress in Quantum Electronics ",
	volume = "25",
	number = "3",
	pages = "97 - 138",
	year = "2001",
	note = "",
	issn = "0079-6727",
	doi = "http://dx.doi.org/10.1016/S0079-6727(01)00005-2",
	url = "http://www.sciencedirect.com/science/article/pii/S0079672701000052",
	author = "A.T Tilke and F.C Simmel and R.H Blick and H Lorenz and J.P Kotthaus"
}

@article{Beenakker1991,
	title = {Theory of Coulomb-blockade oscillations in the conductance of a quantum dot},
	author = {Beenakker, C. W. J.},
	journal = {Phys. Rev. B},
	volume = {44},
	issue = {4},
	pages = {1646--1656},
	numpages = {0},
	year = {1991},
	month = {Jul},
	publisher = {American Physical Society},
	doi = {10.1103/PhysRevB.44.1646},
	url = {http://link.aps.org/doi/10.1103/PhysRevB.44.1646}
}

@article{Zwanenburg2009,
	author = "Zwanenburg, F. A. and van Loon, A. A. and Steele, G. A. and van Rijmenam, C. E. W. M. and Balder, T. and Fang, Y. and Lieber, C. M. and Kouwenhoven, L. P.",
	title = "Ultrasmall silicon quantum dots",
	journal = "Journal of Applied Physics",
	year = "2009",
	volume = "105",
	number = "12", 
	eid = 124314,
	pages = "",
	url = "http://scitation.aip.org/content/aip/journal/jap/105/12/10.1063/1.3155854",
	doi = "http://dx.doi.org/10.1063/1.3155854" 
}

@book{Ferry2009,
	title={Transport in Nanostructures},
	author={Ferry, D.K. and Goodnick, S.M. and Bird, J.},
	isbn={9781139480833},
	url={https://books.google.at/books?id=8j8gAwAAQBAJ},
	year={2009},
	publisher={Cambridge University Press}
}

@article{Gul2015,
	author={\"Onder G\"ul and David J van Woerkom and Ilse van Weperen and Diana Car and Sébastien R Plissard and Erik P A M Bakkers and Leo
	P Kouwenhoven},
	title={Towards high mobility InSb nanowire devices},
	journal={Nanotechnology},
	volume={26},
	number={21},
	pages={215202},
	url={http://stacks.iop.org/0957-4484/26/i=21/a=215202},
	year={2015},
}

@article{Kammhuber2016,
	author = {Jakob Kammhuber and Maja C. Cassidy and Hao Zhang and \"Onder G\"ul and Fei Pei and Michiel W. A. de Moor and Bas Nijholt and Kenji Watanabe and Takashi Taniguchi and Diana Car and Sébastien R. Plissard and Erik P. A. M. Bakkers and Leo P. Kouwenhoven},
	title = {Conductance Quantization at Zero Magnetic Field in InSb Nanowires},
	journal = {Nano Letters},
	volume = {0},
	number = {0},
	pages = {null},
	year = {0},
	doi = {10.1021/acs.nanolett.6b00051},
	note ={PMID: 27121534},
	URL = {http://dx.doi.org/10.1021/acs.nanolett.6b00051},
	eprint = {http://dx.doi.org/10.1021/acs.nanolett.6b00051}	
}

@article{Ford2012,
	author = {Alexandra C. Ford and S. Bala Kumar and Rehan Kapadia and Jing Guo and Ali Javey},
	title = {Observation of Degenerate One-Dimensional Sub-Bands in Cylindrical InAs Nanowires},
	journal = {Nano Letters},
	volume = {12},
	number = {3},
	pages = {1340-1343},
	year = {2012},
	doi = {10.1021/nl203895x},
	note ={PMID: 22268516},
	URL = {http://dx.doi.org/10.1021/nl203895x},
	eprint = {http://dx.doi.org/10.1021/nl203895x}
}

@Article{Krans1995,
	author={Krans, J. M. and van Ruitenbeek, J. M. and Fisun, V. V.	and Yanson, I. K. and de Jongh, L. J.},
	title={The signature of conductance quantization in metallic point contacts},
	journal={Nature},
	year={1995},
	month={Jun},
	day={29},
	volume={375},
	number={6534},
	pages={767-769},
	doi={10.1038/375767a0},
	url={http://dx.doi.org/10.1038/375767a0}
}

@article{McEuen1990,
	title = "Resonant transport effects due to an impurity in a narrow constriction",
	journal = "Surface Science",
	volume = "229",
	number = "1",
	pages = "312 - 315",
	year = "1990",
	note = "",
	issn = "0039-6028",
	doi = "http://dx.doi.org/10.1016/0039-6028(90)90896-G",
	url = "http://www.sciencedirect.com/science/article/pii/003960289090896G",
	author = "P.L. McEuen and B.W. Alphenaar and R.G. Wheeler and R.N. Sacks",
}

@article{Meirav1990,
	title = {Single-electron charging and periodic conductance resonances in GaAs nanostructures},
	author = {Meirav, U. and Kastner, M. A. and Wind, S. J.},
	journal = {Phys. Rev. Lett.},
	volume = {65},
	issue = {6},
	pages = {771-774},
	numpages = {0},
	year = {1990},
	month = {Aug},
	publisher = {American Physical Society},
	doi = {10.1103/PhysRevLett.65.771},
	url = {http://link.aps.org/doi/10.1103/PhysRevLett.65.771}
}

@article{Wu1991,
	author = "Wu, J. C. and Wybourne, M. N. and Yindeepol, W. and Weisshaar, A. and Goodnick, S. M.",
	title = "Interference phenomena due to a double bend in a quantum wire",
	journal = "Applied Physics Letters",
	year = "1991",
	volume = "59",
	number = "1", 
	eid = ,
	pages = "102-104",
	url = "http://scitation.aip.org/content/aip/journal/apl/59/1/10.1063/1.105558",
	doi = "http://dx.doi.org/10.1063/1.105558" 
}

@article{Pock2016,
	author = "von Pock, J. F. and Salloch, D. and Qiao, G. and Wieser, U. and Hackbarth, T. and Kunze, U.",
	title = "Quantization and anomalous structures in the conductance of Si/SiGe quantum point contacts",
	journal = "Journal of Applied Physics",
	year = "2016",
	volume = "119",
	number = "13", 
	eid = 134306,
	pages = "",
	url = "http://scitation.aip.org/content/aip/journal/jap/119/13/10.1063/1.4945116",
	doi = "http://dx.doi.org/10.1063/1.4945116" 
}

@article{timp1989,
	title={Nanostructure Physics and Fabrication},
	author={Timp, G and Behringer, R and Sampere, S and Cunningham, JE and Howard, RE and Reed, MA and Kirk, WP},
	journal={Academic, New York},
	pages={331},
	year={1989}
}

@article{timp1992,
	title={When does a wire become an electron waveguide},
	author={Timp, Gregory},
	journal={Semiconductors and Semimetals},
	volume={35},
	pages={113-190},
	year={1992},
	publisher={Elsevier}
}

@article{Kouwenhoven1989,
	title={Nonlinear conductance of quantum point contacts},
	author={Kouwenhoven, LP and Van Wees, BJ and Harmans, CJPM and Williamson, JG and Van Houten, H and Beenakker, CWJ and Foxon, CT and Harris, JJ},
	journal={Physical Review B},
	volume={39},
	number={11},
	pages={8040},
	year={1989},
	publisher={APS}
}

@article{Kristensen2000,
	title={Bias and temperature dependence of the 0.7 conductance anomaly in quantum point contacts},
	author={Kristensen, Anders and Bruus, H and Hansen, Adam Espe and Jensen, JB and Lindelof, PE and Marckmann, CJ and Nyg{\aa}rd, Jesper and S{\o}rensen, CB and Beuscher, F and Forchel, A and others},
	journal={Physical Review B},
	volume={62},
	number={16},
	pages={10950},
	year={2000},
	publisher={APS}
}

@article{Patel1990,
	title={Ballistic transport in one dimension: additional quantisation produced by an electric field},
	author={Patel, NK and Martin-Moreno, L and Pepper, M and Newbury, R and Frost, JEF and Ritchie, DA and Jones, GAC and Janssen, JTMB and Singleton, J and Perenboom, JAAJ},
	journal={Journal of Physics: Condensed Matter},
	volume={2},
	number={34},
	pages={7247},
	year={1990},
	publisher={IOP Publishing}
}

@article{Patel91,
	title = {Evolution of half plateaus as a function of electric field in a ballistic quasi-one-dimensional constriction},
	author = {Patel, N. K. and Nicholls, J. T. and Martn-Moreno, L. and Pepper, M. and Frost, J. E. F. and Ritchie, D. A. and Jones, G. A. C.},
	journal = {Phys. Rev. B},
	volume = {44},
	issue = {24},
	pages = {13549--13555},
	numpages = {0},
	year = {1991},
	month = {Dec},
	publisher = {American Physical Society},
	doi = {10.1103/PhysRevB.44.13549},
	url = {http://link.aps.org/doi/10.1103/PhysRevB.44.13549}
}






